2956 4596
227 768 294 851 De
325 771 494 880 generis
527 771 695 855 dicendi
725 773 834 856 inter
864 773 1032 857 Horatii
1065 775 1252 857 carmina

442 954 744 1040 sermonesque
777 930 1030 1014 discrimine.

170 1107 236 1169 [ἧς]
1188 1152 1190 1158 ¹

167 1140 339 1312 Multum
362 1213 427 1276 iam
449 1212 648 1307 disputatum
671 1221 720 1279 est
743 1215 918 1298 degenere
942 1215 1080 1297 dicendi,
1097 1234 1158 1299 quo
1175 1215 1305 1278 Tacitus

250 1316 351 1380 utitur
374 1316 407 1379 in
423 1317 576 1399 operibus
600 1318 666 1381 suis
690 1323 723 1381 et
746 1317 785 1382 de
806 1320 921 1402 causis,
946 1320 1061 1403 quibus
1085 1319 1236 1382 effectum
1252 1319 1304 1400 sit,

168 1428 203 1486 ut
230 1422 291 1485 hac
320 1441 355 1485 re
383 1426 509 1485 tantum
536 1421 620 1485 inter
652 1442 686 1485 se
716 1421 900 1506 discrepent
930 1423 1060 1506 singula
1095 1423 1163 1485 eius
1195 1443 1303 1506 opera.

167 1525 211 1589 Et
234 1525 267 1589 id
284 1522 413 1608 quidem
430 1525 671 1590 concedendum
690 1532 749 1610 est,
764 1527 821 1590 vix
836 1527 1025 1610 scriptorem
1049 1528 1182 1612 reperiri
1198 1548 1304 1611 posse,
1396 1590 1399 1595 .

169 1628 258 1712 cujus
281 1629 367 1691 inter
382 1628 512 1712 singula
530 1648 630 1713 opera
645 1635 771 1694 tantum
787 1631 829 1693 sit
844 1650 963 1714 genere
980 1629 1108 1694 dicendi
1123 1629 1304 1711 discrimen,

167 1739 203 1796 ut
225 1753 296 1796 cum
312 1732 426 1796 Tacito
445 1733 626 1816 comparari
641 1734 757 1817 possit3
781 1733 839 1798 sed
854 1740 962 1797 tamen
980 1735 1092 1817 negari
1107 1755 1170 1798 non
1188 1740 1304 1818 potest,

168 1837 266 1901 etiam
289 1837 426 1900 aliorum
449 1837 641 1920 scriptorum
664 1856 765 1920 genus
790 1837 919 1902 dicendi
942 1859 1005 1901 non
1030 1859 1159 1922 semper
1173 1857 1304 1922 prorsus

168 1941 230 2005 sibi
260 1946 416 2005 constare.
464 1941 533 2016 Quo
561 1940 594 2003 in
617 1962 749 2005 numero
779 1941 936 2005 Horatius
964 1941 1135 2005 habendus
1155 1946 1222 2021 est,
1251 1941 1305 2022 qui

101 2061 103 2064 ’
168 2065 240 2109 cum
263 2044 354 2128 poesi
378 2050 410 2108 et
432 2044 552 2130 lyricae
584 2048 617 2108 et
641 2045 790 2109 satirieae
821 2067 952 2130 operam
983 2045 1075 2108 daret
1099 2064 1304 2128 nequaquam

168 2147 285 2212 eodem
315 2168 434 2232 genere
465 2147 595 2247 diqendi
625 2169 701 2211 usus
732 2149 828 2212 aliter
861 2149 1003 2232 loquitur
1035 2149 1066 2211 in
1101 2148 1304 2229 carminibus,

168 2252 264 2316 aliter
286 2253 319 2315 in
342 2252 551 2317 sermonibus.
587 2253 659 2328 Qua
681 2251 721 2316 de
746 2273 1050 2337 causaquamquam
1066 2253 1303 2336 quodammodo

168 2378 239 2420 cum
263 2357 376 2421 Tacito
408 2355 585 2440 comparari
615 2362 737 2440 potest,
760 2362 868 2420 tamen
895 2357 1030 2420 multum
1054 2356 1162 2419 differt
1186 2355 1226 2419 ab
1251 2377 1303 2438 θος

167 2481 243 2524 nam
280 2445 362 2544 qnae
392 2459 524 2524 Tacitus
558 2461 746 2544 conscripsit
786 2459 923 2524 eandem
953 2462 1020 2524 fore
1055 2482 1124 2524 rem
1154 2465 1303 2540 tractant,

167 2565 214 2628 ita
237 2570 270 2627 ut
292 2584 393 2648 genus
414 2562 542 2627 dicendi
558 2584 686 2648 semper
707 2563 791 2627 idem
810 2585 881 2628 esse
901 2565 1051 2648 potuerit,
1069 2564 1176 2648 poesis
1196 2571 1303 2627 antem

168 2666 296 2730 Horatii
327 2665 457 2731 satirica
480 2668 554 2731 talis
583 2674 678 2748 erat,
699 2673 748 2749 ut,
773 2687 835 2751 quo
860 2668 892 2732 in
922 2669 1115 2732 carminibus
1141 2689 1217 2731 usus
1245 2673 1304 2749 est,

168 2790 270 2852 genus
293 2769 422 2834 dicendi
443 2777 608 2836 vetaretur
630 2770 795 2836 adhibere.
832 2772 914 2836 (ium
937 2772 1033 2854 igitur
1056 2771 1095 2835 de
1119 2771 1303 2836 discrimine

168 2873 254 2957 quod
283 2874 366 2938 inter
396 2875 540 2939 carmina
566 2875 696 2940 Horatii
722 2896 950 2961 sermonesque
977 2896 1096 2958 genere
1118 2875 1153 2939 fit
1175 2875 1303 2939 dicendi

168 2979 331 3044 locuturus
347 2980 417 3062 sim,
434 2979 539 3043 dicam
554 2980 701 3062 primum,
719 2979 877 3065 quomodo
902 2979 934 3042 in
950 2979 1132 3042 universum
1150 2979 1303 3042 differant

168 3083 310 3145 carmina
332 3102 562 3167 sermonesque
585 3103 704 3166 genere
728 3083 868 3167 dicendi;
891 3089 959 3147 tum
982 3083 1127 3164 singulas
1150 3082 1302 3146 orationis

167 3191 276 3268 partes
300 3186 469 3250 tractando
493 3186 633 3270 quidde
656 3187 774 3251 haere
798 3186 967 3251 dicendum
991 3187 1042 3268 sit,
1066 3186 1237 3271 proferam.

254 3289 303 3355 Ac
326 3291 463 3375 primum
493 3290 623 3376 quidem
645 3312 717 3355 cum
748 3291 780 3354 in
803 3291 988 3356 universum
1016 3289 1176 3375 quomodo
1200 3310 1302 3373 genus

169 3394 345 3458 carminum
377 3415 397 3459 a
428 3417 610 3460 sermonum
638 3395 768 3459 differat
791 3414 911 3478 genere
934 3394 1063 3458 dicendi
1086 3395 1302 3478 exquiramus,

167 3518 262 3562 nemo
280 3504 330 3562 est
352 3499 429 3583 quin
451 3498 571 3581 videat,
594 3499 652 3562 illc
676 3519 738 3583 quo
755 3499 937 3562 sententiae
954 3505 1180 3562 construuntur
1195 3497 1302 3578 modo,

166 3602 219 3665 vel
242 3608 420 3667 structurae
443 3603 675 3668 sententiarum
698 3608 766 3666 arte
790 3623 941 3686 magnum
964 3603 1033 3666 fieri
1056 3603 1139 3665 inter
1162 3601 1303 3664 carmina

167 3693 396 3790 sermonesque
420 3706 603 3771 discrimen.
635 3706 719 3770 Nam
748 3707 884 3772 liberum
908 3713 940 3771 et
967 3705 1211 3770 accomodatum
1235 3726 1303 3768 ora·

168 3809 248 3872 tioni
271 3810 413 3893 pedestri
443 3816 493 3874 est
516 3831 617 3894 genus
648 3810 777 3874 dicendi
807 3831 1003 3892 sermonnm3
1037 3812 1068 3874 in
1108 3809 1300 3874 carminibus

167 3919 279 3976 contra
302 3914 498 3997 elegantiam
525 3920 702 3999 artemque,
726 3915 842 3999 quibus
864 3916 1044 3979 sentcntiae
1075 3919 1302 3979 construuntur

167 4017 353 4100 reperimus.
389 4018 483 4093 Quod
505 4025 540 4083 ut
563 4018 788 4100 demonstrem,
812 4016 894 4082 illud
917 4020 1013 4082 liccat
1030 4039 1216 4099 memorare,
1240 4039 1301 4102 quo

167 4121 307 4185 maxime
330 4120 503 4186 discrimen
526 4128 721 4208 apparet-
743 4144 835 4186 usum
857 4123 1069 4205 parenthesis.
1100 4121 1305 4200 Parenthesi,
