2956 4596
699 177 905 274 ,21-

232 387 433 470 Quamquam
456 387 555 451 etiam
578 386 720 450 carmina
742 387 944 450 inusitatiora
967 383 1125 468 quaedam
1148 384 1314 449 continent
1335 390 1372 448 ut

232 490 476 570 „dissociabilis,
501 490 681 569 domabilis,
705 492 949 568 illacrimabilis,
977 488 1235 569 inmiserabilis“,
1261 496 1371 553 tamen

234 616 337 676 neque
360 596 560 659 1221122221
589 616 709 679 neque,
739 601 875 675 excepto
902 594 1061 658 vocabulo
1094 592 1371 672 „illacrimabilis“

233 700 385 781 leguntur
407 700 468 762 nisi
488 700 604 782 semel;
624 701 656 763 in
681 697 882 763 sermonibus
897 704 1003 763 autem
1021 719 1102 781 quae
1125 703 1246 762 suntet
1268 700 1370 762 multo

234 803 293 864 illa
313 810 468 886 superant
491 825 622 868 numero
643 825 747 887 neque
770 824 919 884 magnam
940 809 1065 886 partem
1092 808 1127 865 ut
1150 802 1372 881 „insanabilia

232 908 461 984 inmersabilis,
486 910 624 985 fabrilis,
649 907 888 988 inexcusabilis,
912 905 1069 992 pensilis“
1096 927 1194 990 saepe
1221 907 1372 989 leguntur

233 1011 316 1095 apud
347 1013 520 1095 scriptores
548 1013 693 1079 Latinos.
748 1013 791 1075 Et
826 1013 942 1075 iterum
976 1011 1036 1073 illa
1067 1009 1107 1073 de
1140 1015 1209 1072 2112
1243 1010 1372 1092 2221122

233 1116 335 1179 multa
358 1116 513 1199 imprimis
538 1116 742 1180 continentur
765 1117 845 1179 talia
861 1115 1021 1179 adiectiva
1037 1113 1175 1197 epistola
1190 1119 1225 1176 21
1241 1114 1372 1193 „inexo-

234 1219 360 1298 rabilis,
390 1220 515 1298 flebilis,
546 1221 752 1298 insanabilis,
784 1220 923 1299 stabilis,
953 1216 1167 1281 tolerabilis“.
1220 1217 1373 1280 Ceterum

235 1324 391 1405 quaedam
413 1323 573 1388 adiectiva
592 1325 737 1388 verbalia
761 1346 857 1394 sensu
880 1324 987 1407 posita
1010 1329 1084 1385 sunt
1107 1322 1227 1404 activo,
1251 1321 1373 1400 „disso-

234 1426 379 1490 ciabilis“
404 1422 700 1510 (2212113221,
725 1427 881 1508 „{lebilis“
907 1424 1019 1509 (carm.
1043 1427 1072 1503 2,
1096 1428 1126 1503 9,
1149 1427 1183 1507 93
1214 1446 1273 1509 ep..
1288 1426 1317 1503 2,
1341 1428 1372 1506 3,
1435 1441 1440 1446 ’

239 1527 544 1612 123);,‚v01ubilis“
569 1527 679 1614 (carm.
708 1533 738 1609 4,
764 1534 791 1609 1,
818 1532 871 1611 103
901 1551 951 1613 ep.
981 1531 1008 1605 1,
1032 1530 1062 1606 2,
1086 1526 1155 1611 43).
1189 1529 1374 1613 Epcdihac

234 1636 264 1696 in
290 1656 323 1697 12
348 1635 387 1697 ad
413 1656 576 1698 sermones
600 1637 731 1720 propius
755 1635 905 1698 videntur
922 1633 1090 1714 accedere,
1114 1633 1265 1715 leguntur
1287 1633 1373 1696 enim

233 1739 264 1799 in
289 1738 355 1801 illis
378 1738 551 1802 vocabula:
581 1738 726 1817 ,2121112ι
753 1740 801 1817 16,
827 1741 862 1819 13
896 1734 1033 1814 „exilis“
1061 1738 1091 1812 3,
1122 1739 1173 1819 10,
1203 1736 1374 1814 „hostilis“

233 1843 263 1913 5,
287 1843 341 1923 53;
377 1846 406 1918 9,
433 1844 486 1922 19;
511 1843 700 1921 ,,111(1221112“
733 1843 779 1922 16,
803 1843 860 1922 373
888 1840 1105 1922 ,,12211112“2,
1131 1832 1184 1924 13;
1213 1837 1374 1923 ,,221)1112“

234 1947 264 2026 9,
283 1946 339 2026 29;
367 1947 415 2027 13,
439 1948 491 2028 11;
516 1945 667 2025 ,,2221112“
684 1948 713 2026 3,
732 1949 765 2028 2;
782 1942 950 2027 ,,22121112“
966 1946 996 2026 4,
1015 1944 1067 2026 19;
1092 1941 1235 2026 „virilis“
1255 1946 1304 2025 111,
1324 1945 1373 2009 ll.

320 2049 471 2133 Denique
494 2049 534 2112 de
559 2051 766 2133 comparativi
798 2070 857 2112 usu
883 2049 1062 2112 Horatiano
1095 2069 1197 2131 pauca
1220 2047 1373 2111 addenda

234 2158 317 2216 sunt.
360 2155 408 2216 Ἀ2
431 2155 567 2236 21112212
591 2154 719 2238 quidem
744 2153 922 2232 dicendum,
939 2152 1110 2215 Horatium
1134 2173 1191 2234 pro
1212 2151 1375 2235 particula

234 2257 370 2339 ‚,quam“
395 2278 477 2339 quae
501 2263 575 2340 2221
598 2258 851 2341 221112212112221
875 2257 952 2339 2221
975 2256 1068 2335 22121,
1094 2276 1164 2318 2221
1187 2254 1223 2317 fit
1246 2275 1375 2336 compa-

234 2361 331 2436 ratio,
365 2360 525 2424 interdum
550 2361 714 2443 scripsisse
739 2359 930 2443 particulam
960 2359 1039 2438 „ad‘
1069 2359 1121 2421 vel
1146 2359 1284 2441 „atque“
1330 2357 1376 2422 Et

234 2463 266 2524 in
288 2463 482 2528 carminibus
499 2464 626 2548 quidem
651 2465 731 2527 hacc
754 2462 946 2526 constructio
970 2483 1034 2524 non
1051 2462 1180 2544 legitur3
1203 2463 1236 2524 in
1260 2462 1376 2544 epodis

235 2566 284 2629 bis
308 2575 340 2630 et
364 2590 404 2630 cx
428 2566 628 2631 sermonibus
652 2568 683 2629 in
708 2568 813 2630 satiris
838 2567 936 2628 221122
957 2570 1086 2648 22212111
1111 2586 1182 2628 2212
1207 2564 1376 2628 admisisse

236 2670 459 2734 demonstrant
490 2672 566 2735 loci:
596 2672 668 2755 epd.
703 2673 756 2750 12,
790 2672 829 2735 14
857 2670 1011 2748 „Inachia
1040 2670 1143 2732 minus
1166 2669 1313 2752 langues,
1338 2690 1377 2732 ac

235 2776 322 2857 1112“;
349 2776 397 2854 15,
421 2776 456 2859 53
479 2784 529 2840 221
552 2778 578 2854 1,
596 2777 624 2854 1,
640 2776 681 2839 46
706 2781 798 2852 „tuus
824 2779 936 2836 venter
958 2774 1031 2856 2122
1056 2773 1171 2856 capiet,
1197 2770 1377 2853 2212222“;

229 2881 265 2957 1,
289 2880 318 2957 2,
342 2880 397 2961 22,
420 2881 450 2957 a,
474 2881 508 2962 2,
527 2882 556 2960 2,
579 2880 652 2961 122,
678 2883 726 2959 12,
743 2878 799 2961 34,
821 2877 899 2941 ibid.
921 2878 977 2959 22,
1000 2878 1031 2958 2,
1054 2878 1084 2954 2,
1108 2877 1184 2957 241,
1207 2874 1284 2939 ibid.
1302 2875 1377 2939 212.

322 2983 441 3046 Notum
473 2989 536 3062 221,
570 2983 902 3066 2211212122112111122
929 2981 1132 3064 saepissime,
1165 2979 1377 3062 comparativi
1472 3006 1476 3012 ·

236 3087 453 3149 nominativus
477 3088 528 3150 221
551 3087 654 3150 121122
671 3087 870 3150 accusativus
891 3106 962 3149 cum
978 3084 1187 3169 praecedunt,
1204 3083 1378 3167 21222111-

236 3191 309 3253 2212
332 3192 468 3274 ,,222111“
503 3191 712 3275 sequentibus
736 3189 932 3252 nominativo
962 3190 1014 3250 vel
1047 3186 1376 3266 12112122222221122

236 3314 355 3377 ponere
380 3296 565 3359 ablativum.
612 3294 676 3360 Sed
706 3294 811 3377 2211112
835 3291 1048 3375 relinquenda
1078 3291 1137 3353 1112
1160 3295 1209 3353 221
1232 3290 1378 3368 11222112,

237 3419 301 3481 qua
328 3399 368 3462 ab
397 3401 461 3462 alio
487 3398 696 3483 comparativi
729 3417 805 3461 casu
832 3394 953 3478 pendet
981 3395 1150 3458 ablativus.
1197 3393 1294 3457 Cuius
1318 3394 1378 3469 rei,

238 3509 392 3585 quantum
415 3505 555 3578 memini,
580 3523 644 3565 non
668 3484 819 3583 exempla
850 3499 911 3561 nisi
939 3499 969 3560 in
995 3498 1195 3561 sermonibus
1217 3495 1379 3560 habemus

237 3613 269 3668 et
286 3605 414 3686 quidem
431 3613 481 3670 sat
501 3610 529 3688 2,
550 3609 575 3686 l,
592 3607 634 3669 29
651 3604 776 3683 „Lucili
792 3603 866 3680 ritu,
882 3613 1025 3666 nostrum
1041 3601 1184 3665 melioris
1201 3599 1379 3683 utroque“;

237 3729 287 3792 ep.
307 3709 459 3788 1,10,11
484 3730 588 3791 ,panc
613 3728 693 3791 egeo
724 3707 849 3790 potiore
872 3703 1065 3789 placentis“;
1088 3702 1164 3767 ibid.
1182 3703 1222 3766 39
1240 3703 1379 3786 „siquis

237 3812 361 3896 potiore
394 3811 536 3875 metallis
570 3811 722 3874 libertate
752 3808 870 3873 caret“.
922 3809 1037 3891 Neque
1068 3808 1173 3869 minus
1208 3811 1380 3888 poetarum

238 3922 296 3995 est,
319 3922 393 4000 post
410 3916 662 3999 comparativum
678 3934 797 3997 ponere
821 3913 998 3976 ablativum
1022 3929 1080 3994 pro
1106 3911 1179 3987 2112,
1204 3918 1379 3994 atquepro

237 4021 435 4085 nominativo
471 4021 523 4083 221
555 4019 738 4082 2222221122
775 4016 910 4079 casibus.
969 4015 1072 4089 Quam
1107 4013 1380 4076 constructionem

238 4122 376 4211 legimus
392 4144 489 4189 carm.
513 4125 543 4203 3,
561 4125 613 4204 23,
632 4122 671 4186 18
695 4121 866 4203 „immunis
883 4140 972 4182 aram
995 4117 1022 4180 si
1045 4117 1152 4200 tetigit
1168 4136 1292 4193 manus,
1311 4137 1380 4181 non
