2956 4596
725 195 745 260 8

167 424 345 468 memorare
369 405 474 468 locum
497 403 738 469 versatissimum
754 409 814 469 sat.
841 403 868 485 l,
884 405 914 484 6,
933 403 983 486 11,
1006 404 1061 488 qui
1075 403 1130 467 vix
1146 404 1305 489 explicari

118 531 121 536 ·
167 513 285 592 potest,
309 508 370 571 nisi
393 508 563 572 statuimus
586 509 815 592 cogitationem
839 509 999 573 omissam.
1040 501 1195 591 Accedit,
1218 507 1305 593 quod

168 611 266 675 ctiam
289 611 445 694 digressio
478 611 564 676 baud
596 635 666 678 raro
694 613 871 697 reperitur;
897 634 973 678 narn
1000 613 1159 677 eiusmodi
1181 619 1230 677 est
1253 617 1305 677 sat

170 719 198 798 1,
224 717 252 797 l,
275 716 368 780 68-
384 715 458 798 1083
482 719 512 796 6,
539 717 693 783 17-45,

253 820 297 883 nt
320 819 400 883 haec
423 819 552 903 quidem
575 819 615 884 de
638 820 858 901 dispositionis
881 819 1114 884 sententiarum
1137 821 1170 884 in
1186 840 1304 884 sermo·

167 926 261 988 nibus
293 924 513 1007 neglegentia.
563 925 731 1005 Carmina,
764 930 917 1007 quantum
948 923 1098 1007 equidem
1131 924 1213 1005 scio,
1243 922 1304 987 hac

168 1029 323 1092 sermonis
340 1029 516 1091 communis
533 1029 685 1093 libertate
702 1034 822 1108 carent,
838 1048 909 1091 cum
926 1047 1008 1112 quae
1024 1028 1145 1091 formae
1161 1027 1305 1112 pedestri

168 1133 278 1214 licent,
302 1151 367 1195 non
385 1130 521 1196 deceant
537 1153 572 1195 os
586 1152 705 1215 magna
721 1138 906 1195 sonaturnm
930 1132 1003 1212 (sat.
1022 1135 1049 1214 1,
1065 1131 1095 1212 4,
1110 1129 1169 1212 43)
1187 1136 1305 1215 poetae

168 1235 271 1320 lyrici.
321 1236 365 1299 lot
388 1236 599 1319 perspicuitas
627 1236 727 1299 animi
749 1237 913 1321 virtusque
937 1237 1023 1300 clarc
1045 1235 1239 1320 disponendi
1261 1269 1303 1278 -

169 1339 200 1402 id
233 1340 317 1423 quod
352 1341 430 1403 satis
465 1361 506 1403 ex
543 1338 736 1403 carminibus
768 1341 918 1422 cognosci
951 1345 1060 1424 potest
1086 1372 1128 1384 -
1155 1360 1217 1403 non
1249 1339 1304 1404 ab·

168 1442 342 1507 iudicanda
374 1448 447 1508 sunt
480 1443 521 1507 ab
549 1442 703 1526 Horatio;
735 1463 799 1526 qua
829 1464 863 1506 re
895 1438 1056 1525 efficitur,
1079 1443 1169 1506 illam
1196 1441 1304 1525 dispo-

169 1546 347 1611 nendarum
383 1548 414 1611 in
450 1546 650 1611 sermonibus
680 1546 912 1611 sententiarum
943 1547 1200 1630 neglegentiam,
1232 1568 1304 1610 cum

169 1650 410 1714 accomodatam
450 1655 578 1735 putaret
616 1648 658 1713 ad
694 1650 820 1714 Musam
855 1651 1059 1734 pedestrem,
1099 1656 1229 1735 poetam
1263 1651 1304 1714 dc

168 1752 327 1817 industria
350 1754 412 1818 sibi
434 1754 629 1839 permisisse.
1166 1781 1168 1783 ’

256 1859 323 1922 lam
339 1858 381 1922 ad
393 1859 489 1921 aliam
506 1863 636 1922 transeo
652 1878 729 1940 rem,
743 1878 806 1942 qua
821 1858 905 1922 inter
918 1860 1094 1923 carminum
1107 1877 1305 1922 sermonum·

170 1983 231 2045 que
255 1982 356 2044 genus
384 1961 512 2026 dicendi
538 1961 707 2025 discrimen
741 1963 889 2027 cernitur.
935 1962 1098 2029 Sermonis
1128 1962 1305 2026 communis

169 2070 219 2128 cst
242 2066 438 2129 confundere
472 2065 504 2128 in
536 2086 635 2129 unum
659 2065 750 2148 illas,
784 2087 866 2150 quae
898 2067 982 2131 inter
1010 2087 1045 2130 se
1068 2072 1304 2150 comparantur,

168 2191 230 2250 res,
253 2169 496 2233 similitudinem
521 2175 554 2232 et
576 2170 770 2234 sententiam
791 2171 987 2256 primariam.
1025 2171 1199 2235 Horatium
1221 2171 1306 2233 banc

170 2272 299 2337 dicendi
315 2273 480 2336 licentiam
504 2273 535 2336 in
558 2275 771 2357 sermonibus,
789 2276 842 2359 qui
866 2276 967 2360 ipsius
982 2274 1089 2339 verbis
1112 2274 1154 2338 ad
1170 2274 1305 2337 formam

169 2376 351 2461 pedestrem
368 2377 539 2460 pertinent,
557 2376 724 2443 admisisse
747 2379 825 2442 satis
841 2379 951 2442 multis
968 2378 1182 2442 demonstrari
1197 2383 1306 2461 potest

169 2481 268 2560 locis3
293 2501 354 2565 quo
379 2480 410 2543 in
428 2499 561 2544 numero
578 2480 722 2545 habendi
745 2502 795 2566 ep.
822 2484 850 2565 1,
870 2484 987 2564 10,1o‚
1011 2503 1074 2568 quo
1097 2483 1168 2546 loco
1185 2480 1304 2545 dictum

170 2591 219 2647 est
243 2591 298 2664 „ut
313 2582 492 2646 sacerdotis
509 2584 663 2665 fugitivus
678 2585 747 2649 liba
761 2582 896 2649 recuso“
918 2607 975 2671 pro
992 2586 1154 2668 „urbanas
1171 2585 1305 2649 delicias

169 2688 256 2770 fugio
286 2693 321 2750 ut
352 2707 462 2750 servus
493 2686 669 2751 sacerdotis
699 2688 768 2752 liba
795 2686 953 2754 recusat“.
998 2689 1042 2754 Et
1074 2711 1124 2774 ep.
1151 2692 1179 2772 l,
1207 2690 1236 2770 7,
1264 2691 1306 2754 74

170 2794 288 2876 legitur
303 2812 423 2874 „saepe
437 2790 597 2855 occultum
608 2790 695 2856 visus
709 2787 789 2877 (est)
802 2791 971 2857 decurrere
983 2793 1081 2877 piscis
1096 2792 1138 2856 ad
1153 2790 1305 2857 bamum“

169 2917 228 2981 pro
253 2896 360 2977 „visus
389 2901 438 2958 est
472 2893 640 2958 decurrere
668 2895 709 2959 ad
733 2917 847 2979 cenas,
881 2902 916 2960 ut
943 2896 1040 2980 piscis
1072 2895 1114 2959 ad
1143 2893 1305 2960 bamurn“.

169 3001 283 3085 Neque
311 3020 360 3084 ep.
393 2999 422 3078 2,
448 2998 479 3079 2,
502 2997 670 3064 acolaco
696 2999 789 3063 abest
811 2999 1029 3064 confundendi
1051 3000 1200 3081 libertas3
1229 3020 1305 3063 nam

169 3103 270 3167 verba
293 3121 375 3184 „ego
392 3107 498 3165 utrum
522 3121 603 3165 nave
632 3103 718 3167 ferar
733 3124 851 3187 magna
874 3126 915 3169 an
938 3125 1039 3189 parva
1061 3105 1146 3168 ferar
1167 3124 1249 3167 unus
1274 3110 1306 3167 et

169 3204 276 3271 idem“
290 3227 420 3270 sensnm
436 3205 617 3289 continent;
634 3211 690 3288 „nt
705 3213 824 3271 nautae
840 3227 905 3271 non
918 3209 1018 3272 refert
1032 3228 1150 3292 magna
1161 3227 1305 3292 parvane

169 3312 307 3375 vehatur
327 3310 411 3391 navi,
428 3309 474 3372 ita
496 3331 569 3374 mea
592 3330 656 3375 non
672 3311 807 3376 interest
822 3311 912 3376 dives
928 3312 987 3375 sim
1003 3333 1115 3393 necne,
1132 3311 1305 3376 dummodo

169 3414 342 3499 pauperies
365 3413 531 3477 immunda
546 3412 661 3479 absit“.
692 3415 907 3479 Liberrimum
923 3421 1031 3480 autem
1046 3416 1182 3480 fortasse
1198 3436 1305 3479 exem·

170 3520 260 3604 plum
283 3518 401 3601 legitur
424 3538 475 3600 cp.
502 3519 530 3599 1,
556 3517 605 3601 10,
628 3518 688 3601 42,
711 3540 786 3583 nam
809 3520 924 3600 verba,
954 3539 1036 3603 quae
1060 3518 1105 3583 ibi
1128 3519 1306 3602 reperimus

170 3624 241 3705 „cui
265 3642 329 3686 non
359 3622 528 3686 conveniet
551 3643 684 3688 suares
712 3628 747 3687 ut
771 3624 899 3687 calceus
929 3623 1024 3705 olim,
1048 3624 1075 3686 si
1097 3623 1180 3708 pede
1204 3623 1307 3688 maior

170 3727 246 3807 erit,
273 3726 454 3806 subvertet,
478 3725 506 3789 si
532 3725 649 3807 minor,
681 3722 772 3789 uret“
796 3726 905 3809 posita
927 3732 1003 3791 sunt
1025 3748 1083 3810 pro
1107 3728 1210 3792 hisce:
1234 3728 1306 3810 „oui

170 3849 233 3893 non
264 3831 433 3925 conveniet
460 3850 519 3893 sua
548 3849 599 3893 res
629 3829 743 3893 eadem
773 3834 880 3893 utetur
903 3837 989 3896 sorte
1017 3836 1116 3916 atque
1140 3833 1182 3914 is,
1212 3853 1305 3916 quem

170 3934 297 3998 calceus
320 3978 490 4000 ......
494 3929 522 3994 “.
574 3932 644 3997 Alii
676 3934 791 4016 quibus
814 3933 894 3998 baec
921 3935 954 3998 iu
978 3936 1142 4020 epistolis,
1169 3953 1306 4021 quarum

170 4037 373 4122 potissimum
400 4043 449 4101 est
473 4035 644 4103 exhibetur
672 4038 819 4120 licentia,
847 4039 1051 4122 reperiuntur
1072 4040 1137 4104 loci
1168 4041 1195 4120 l,
1221 4041 1249 4121 1,
1272 4040 1305 4122 23

168 4142 200 4224 2,
230 4141 289 4224 423
317 4141 349 4223 3,
381 4143 436 4223 18;
466 4139 495 4222 7,
520 4139 575 4224 74;
610 4141 738 4224 10,422;
768 4144 798 4226 2,
821 4142 852 4224 2,
875 4143 930 4225 98;
960 4144 991 4225 3,
1014 4142 1088 4209 476.
1111 4176 1152 4189 -
1177 4141 1242 4207 Sed
1264 4164 1306 4207 ne
