2956 4598
746 210 786 277 12

195 418 293 484 ctiam
309 418 530 484 alliteratione
543 438 614 483 esse
631 419 811 504 composita
827 419 905 484 satis
921 418 1050 484 videtur
1062 417 1330 485 demonstratum.

199 526 372 588 Sermones
400 544 469 587 curn
500 521 689 605 respicimus
726 545 788 587 non
817 545 947 608 prorsus
975 523 1104 607 quidem
1134 529 1246 589 carent
1272 523 1332 588 illa

194 627 320 691 (licendi
346 627 527 710 elegantia,
551 625 608 690 sed
637 632 744 690 tamon
775 628 877 691 multo
909 649 981 691 eam
1009 629 1186 698 reporimus
1217 628 1331 694 rarius.

193 731 330 812 Legitur
356 736 464 794 autem
492 736 543 794 sat
573 732 609 812 2,
642 732 677 811 8,
702 732 742 796 78
773 731 1076 812 „striderc'sscrcto
1101 732 1221 795 divisos
1252 753 1329 796 aure

193 832 361 898 susurroc“
379 835 432 917 qui
449 835 537 898 locus
554 835 724 898 cumulatis
741 835 843 898 literis
858 834 914 916 „s“
928 835 994 898 sive
1011 835 1209 916 sigmatismo
1226 857 1332 899 susur-

101 962 104 969 ·
195 960 263 1001 rum
276 939 431 1020 imitatur,
449 939 535 1002 idem
549 937 720 1002 dicendum
736 938 775 1001 dc
794 939 864 1001 loco
882 958 933 1022 ep.
953 942 980 1020 1,
997 939 1025 1020 1,
1042 940 1077 1021 83
1096 943 1332 1003 controversus

195 1048 244 1106 sat
274 1046 307 1124 2,
332 1043 366 1125 2,
392 1042 433 1108 39
465 1047 670 1124 „porrectum
699 1063 815 1125 magno
845 1062 996 1125 magnum
1023 1049 1170 1126 spectare
1194 1041 1332 1124 catino“,

195 1147 417 1229 qui'abundat
440 1147 545 1211 literis
569 1143 652 1228 „m“,
677 1145 738 1209 bac
760 1167 795 1209 rc
819 1152 852 1209 ot
875 1145 995 1209 crebris
1019 1145 1172 1229 spondeis
1190 1148 1333 1211 catinum

196 1252 336 1333 piscibus
367 1255 499 1334 gravem
533 1250 693 1334 depingit,
730 1271 779 1334 cp.
812 1252 846 1330 2,
878 1253 913 1330 3,
945 1251 1008 1315 260
1041 1249 1155 1313 eodem
1191 1251 1333 1332 gravitas

107 1437 110 1442 Ι
197 1377 346 1420 versuum
368 1355 466 1419 Ennii
490 1354 676 1438 depingitur
698 1353 804 1419 modo.
837 1353 880 1417 Et
904 1354 953 1416 his
978 1352 1107 1436 quidem
1131 1353 1210 1416 locis
1226 1354 1333 1417 allite·

197 1459 348 1522 reticita
376 1460 461 1522 lacta
484 1464 548 1538 est,
578 1465 613 1521 ut
644 1457 777 1521 eaodem
809 1478 904 1540 quam
934 1456 1121 1541 saepissime
1145 1462 1334 1540 repetantur

186 1568 419 1638 consonantes,
444 1583 507 1645 qua
529 1562 562 1624 in
586 1582 620 1624 re
644 1583 707 1625 non
724 1562 832 1643 rcfert,
849 1561 953 1645 prima
976 1581 1016 1623 an
1033 1559 1140 1623 media
1163 1581 1204 1623 an
1219 1560 1334 1623 ultima

195 1666 345 1730 vocabuli
375 1665 504 1751 syllaba
532 1666 693 1748 legantur.
740 1664 806 1730 sed
836 1666 932 1728 etiam
959 1666 1005 1727 ita
1029 1664 1206 1727 allitcratio
1229 1663 1274 1744 fit,
1298 1669 1333 1726 ut

196 1769 309 1833 eadem
333 1770 386 1832 vel
410 1767 554 1832 eiusdem
578 1769 687 1852 stirpis
711 1770 870 1833 vocabula
899 1769 1148 1851 coniungantur3
1174 1767 1263 1831 cuius
1286 1767 1333 1830 roi

197 1874 349 1955 exempla
371 1872 508 1955 legimus
525 1893 575 1955 cp.
604 1874 630 1953 l,
652 1874 699 1953 18,
716 1874 735 1938 5
759 1873 859 1954 „vitio
876 1869 1023 1948 vitium“;
1048 1871 1126 1936 ibid.
1143 1872 1185 1938 89
1202 1871 1334 1953 „tristes

196 1973 356 2059 tristom“;
380 1982 431 2039 sat
453 1977 484 2054 2,
507 1977 537 2056 2,
561 1977 620 2059 393
644 1977 674 2057 3,
701 1977 774 2059 1303
802 1975 962 2059 1,1‚85;
987 1995 1036 2058 ep.
1064 1978 1091 2058 1,
1117 1975 1167 2058 19,
1191 1978 1225 2059 65
1249 1977 1279 2057 2,
1303 1977 1334 2057 3,

200 2080 269 2144 133.
300 2080 418 2144 Primis
441 2079 580 2163 plurium
603 2101 666 2143 non
684 2080 828 2144 ciusdem
852 2081 959 2164 stirpis
976 2079 1207 2144 vocabulorum
1230 2079 1333 2143 literis

196 2185 376 2266 reperimus
400 2183 650 2248 allitcrationcm
676 2184 795 2248 iactam
818 2205 868 2268 cp.
896 2186 924 2265 1,
946 2184 977 2265 2,
1001 2184 1042 2248 58
1067 2181 1209 2265 „invidia
1233 2182 1333 2248 Siculi

197 2308 261 2350 non
284 2287 437 2352 tavanera
461 2286 606 2373 tyranni,
639 2286 743 2350 Maius
771 2282 999 2369 tormentum“;
1033 2292 1083 2350 sat
1115 2290 1143 2370 1,
1167 2291 1196 2370 2,
1221 2287 1276 2370 373
1303 2289 1334 2368 2,

196 2379 227 2473 4,
251 2393 303 2459 63.
349 2392 516 2457 Omittitur
539 2391 693 2473 igitur-
711 2390 794 2474 quod
820 2412 861 2454 cx
884 2391 924 2454 iis
949 2410 1031 2474 quae
1055 2390 1151 2454 attuli
1175 2391 1334 2474 exemplis

197 2495 276 2558 satis
299 2495 426 2559 videtur
449 2515 607 2578 apparere
631 2528 672 2538 —
695 2515 736 2557 uo
765 2494 797 2557 in
822 2493 1022 2583 sermonibus
1046 2493 1177 2577 quidem
1200 2516 1332 2577 prorsus
1411 2485 1413 2489 ’

198 2598 390 2681 alliterati03
414 2598 471 2662 sed
496 2598 572 2682 quin
588 2597 734 2681 -quod
757 2598 933 2681 respondet
957 2599 1081 2661 formae
1098 2600 1204 2680 poesis
1230 2599 1334 2662 satiri-

198 2722 254 2764 cae
278 2701 480 2786 pedestri-
495 2702 596 2765 multo
619 2703 721 2766 rarius
745 2701 934 2785 reperiatur,
958 2721 1054 2784 quam
1077 2703 1109 2765 in
1130 2701 1334 2784 carminibus

198 2827 260 2868 non
284 2812 334 2869 est
357 2804 581 2869 dubitandum.

283 2908 336 2972 Ex
359 2905 507 2974 omuibus
529 2908 598 2991 his,
630 2928 712 2991 quae
741 2909 772 2970 in
801 2907 985 2972 universum
1009 2907 1049 2971 de
1072 2910 1248 2972 carminum
1271 2929 1336 2973 ser·

198 3031 390 3096 nronumque
414 3032 533 3095 genere
566 3011 692 3076 dicundi
727 3013 859 3097 protuli,
883 3013 1040 3097 sequitur,
1074 3019 1109 3077 ut
1131 3033 1336 3098 nequaquam

198 3113 284 3178 idem
316 3116 358 3178 sit
387 3115 444 3178 sed
476 3116 611 3179 multum
635 3117 763 3181 intersit
785 3117 869 3180 inter
889 3117 1067 3181 orationem
1083 3119 1245 3198 posticam
1269 3138 1335 3181 car·

198 3220 319 3283 minum
343 3224 376 3284 et
398 3241 579 3284 sermonum
602 3219 795 3305 pcdcstrcm.
841 3221 967 3302 Restat,
997 3229 1033 3284 ut
1056 3220 1185 3304 singula
1207 3241 1335 3304 sequar,

199 3324 314 3406 quibus
338 3323 517 3404 ostendam,
542 3331 696 3408 quantum
719 3344 820 3406 genus
844 3324 972 3388 dicendi
996 3326 1103 3408 poesis
1126 3326 1246 3411 lyricae
1269 3325 1336 3389 Ho-

198 3428 343 3492 ratianae
367 3428 497 3492 differat
530 3449 549 3491 a
575 3429 724 3510 satirico;
755 3449 819 3512 qua
847 3428 887 3492 da
914 3448 1011 3492 causa
1038 3429 1102 3492 iam
1133 3436 1262 3493 transeo
1293 3428 1335 3492 ad

198 3531 343 3614 singulas
367 3532 521 3596 orationis
543 3538 662 3617 partes.

588 3708 653 3790 De
682 3707 945 3791 substantiola

284 3843 335 3906 Dc
354 3844 628 3908 substantivorum
649 3866 711 3908 usu
729 3844 910 3908 Horatiano
932 3846 979 3909 ita
999 3843 1227 3929 disputandum
1247 3842 1335 3905 vidc-

199 3952 260 4028 tur‚
283 3954 318 4011 ut
340 3948 478 4031 primum
502 3948 541 4012 dc
557 3949 686 4028 syntaxi
702 3944 877 4031 casuum*)
899 3948 1091 4013 substantivi
1107 3948 1242 4030 dicatur,
1270 3949 1337 4011 lum

199 4052 405 4061 ,-.--.---

268 4082 291 4152 *)
327 4084 360 4140 cf.
379 4082 501 4149 Ebeling,
520 4082 552 4135 dc
571 4097 683 4137 casuum
702 4099 753 4136 usu
772 4082 928 4137 Horatiano.

406 4169 498 4238 Progr.
517 4186 539 4222 r.
558 4168 758 4238 Wcrnigerodc.
795 4171 873 4226 1866.
