2956 4596
184 446 298 510 nuper,
323 427 400 511 quid
422 427 528 493 Marte
551 425 697 513 posses“.
745 429 866 495 Contra
890 430 962 512 epd.
994 430 1028 511 6,
1052 428 1071 492 8
1096 449 1190 510 „nam
1215 427 1320 512 qualis

185 536 240 593 aut
261 530 422 595 Molossus
446 541 501 595 aut
524 533 630 596 fulvus
653 533 764 597 Lacon
788 553 883 616 agam
902 555 960 617 per
975 534 1067 596 altas
1091 553 1167 596 aure
1192 532 1322 596 sublata

185 636 289 713 nives,
323 657 534 721 quaecunque
561 638 736 722 praecedet
758 636 863 719 fora“,
888 638 1064 701 subiectum
1088 637 1321 700 enuntiationis

185 740 341 803 relativae
364 741 525 806 obiectum
549 763 620 805 esse
644 741 785 806 debebat
808 742 989 826 primariae.
1027 739 1096 804 Alii
1119 741 1150 802 in
1176 740 1322 804 carmini-

186 842 256 924 bus,
279 844 393 926 quibus
417 850 465 910 est
487 847 648 927 attractio,
673 847 734 910 loci
758 853 832 910 sunt
853 849 884 924 4,
911 846 960 927 14,
985 843 1038 925 17;
1066 846 1092 926 l,
1116 847 1145 926 6,
1170 845 1198 908 3.
1242 843 1322 908 Sub·

186 947 317 1009 stantivi
341 947 501 1028 „sortem“
525 950 717 1013 attractione
744 952 776 1013 in
805 951 942 1014 relativa
972 948 1067 1028 positi
1091 948 1322 1026 enuntiatione,

187 1070 365 1133 pronomen
396 1054 494 1136 paulo
525 1059 597 1137 post
629 1055 768 1138 positum
800 1052 899 1136 „illa“
928 1053 1080 1118 admonet
1111 1059 1160 1115 sat
1186 1055 1213 1132 l,
1240 1053 1267 1133 1,
1293 1052 1321 1115 1.

186 1155 302 1218 Mirum
326 1158 526 1221 attractionis
549 1159 733 1241 exemplum
759 1147 877 1241 legitur
907 1157 979 1242 epd.
1010 1158 1046 1237 2,
1070 1157 1109 1220 31
1139 1155 1229 1238 „quis
1256 1173 1321 1217 non

186 1259 361 1340 malarum,
392 1281 471 1344 quas
494 1282 585 1325 amor
609 1283 700 1325 curas
724 1261 838 1343 habet,
867 1261 947 1325 haec
971 1262 1055 1323 iuter
1078 1256 1322 1322 obliviscitur?“

186 1383 244 1446 pro
268 1361 445 1443 „malarum
468 1385 625 1447 curarum,
650 1388 728 1450 quas
753 1364 882 1430 habet“.
897 1399 940 1410 -
957 1365 1106 1430 Genetivi
1131 1364 1322 1426 attractione

187 1467 283 1549 positi
308 1467 370 1530 duo
396 1470 547 1551 exempla
570 1470 773 1549 reperiuntur
803 1476 835 1533 et
860 1472 893 1533 in
918 1470 995 1532 solis
1020 1467 1149 1549 quidem
1173 1468 1324 1530 sermoni·

187 1571 260 1634 bus:
284 1577 335 1634 sat
354 1574 381 1652 l,
397 1572 428 1652 4,
445 1573 465 1635 2
481 1580 598 1654 „atque
622 1573 688 1653 alii,
712 1592 848 1656 quorum
865 1572 1029 1636 comoedia
1053 1572 1159 1655 prisca
1181 1571 1323 1634 virorum

187 1672 272 1755 est“3
304 1678 333 1758 2,
362 1677 396 1758 2,
420 1677 461 1740 59
485 1683 663 1758 „mutatum
686 1678 790 1760 parcit
822 1677 1000 1739 defundere
1027 1676 1138 1738 vinum
1171 1681 1203 1738 et
1234 1675 1323 1738 euius

189 1778 320 1843 odorem
346 1781 410 1843 olei
433 1801 575 1863 nequeas
598 1780 773 1862 perferre“.
788 1816 831 1826 -
847 1780 1094 1860 Attractionem,
1114 1799 1177 1861 qua
1196 1778 1323 1841 dativus

188 1883 326 1964 ponitur,
347 1885 460 1967 optimi
483 1905 598 1968 prosae
615 1885 770 1948 orationis
787 1886 956 1968 scriptores
973 1885 1040 1946 tere
1056 1902 1121 1946 uon
1139 1881 1323 1968 admittunt,

187 1987 250 2049 nisi
272 1988 370 2051 verbo
395 1985 514 2068 „licet“
539 2010 609 2051 cum
633 1995 775 2052 utuntur.
811 1989 909 2071 Apud
932 1988 1104 2051 Horatium
1128 1993 1235 2050 autern
1260 2007 1323 2048 non

188 2091 292 2153 solnm
314 2091 507 2155 vocabulum
540 2089 657 2173 „licet“
687 2092 744 2155 sed
771 2093 869 2155 etiam
892 2091 991 2154 verba
1014 2090 1205 2174 „prodesse,
1236 2089 1324 2171 dare,

188 2195 391 2276 promittere,
424 2193 621 2258 concedere“
661 2195 805 2258 dativum
837 2196 931 2258 illum
962 2196 1151 2259 attractione
1184 2195 1324 2276 positum

188 2296 249 2360 sibi
265 2318 391 2361 sumere
416 2297 532 2362 docent
555 2320 746 2378 sermonum,
770 2300 803 2362 in
827 2299 942 2382 quibus
965 2300 1043 2362 solis
1068 2299 1227 2381 leguntur,
1245 2297 1323 2360 loci:

189 2407 239 2463 sat
274 2403 305 2484 l,
334 2403 369 2483 2,
400 2402 439 2466 61
471 2401 532 2483 „ad
562 2403 614 2466 hio
637 2404 683 2484 si,
715 2423 779 2485 qua
801 2402 947 2466 modeste
971 2403 1120 2467 munifico
1144 2423 1215 2464 esse
1239 2402 1323 2479 licet,

187 2505 288 2568 vellet
311 2505 414 2569 bonus
438 2503 546 2584 esse“;
572 2507 965 2590 1,1,19„n01int,atqui
989 2507 1065 2570 11881
1088 2526 1159 2568 8888
1182 2501 1324 2579 beatis“;

191 2612 218 2689 1,
242 2610 271 2690 6,
302 2610 344 2674 25
373 2631 457 2693 „quo
485 2611 543 2675 tibi
567 2607 732 2694 (prodest)
754 2611 823 2673 fieri
846 2594 1035 2686 tribuno?“;
1068 2614 1095 2692 1,
1122 2610 1153 2691 4,
1185 2611 1227 2674 39
1251 2608 1324 2690 „de-

189 2712 301 2795 derim,
325 2714 440 2796 quibus
464 2735 534 2778 esse
558 2712 697 2798 poetis“,
722 2734 784 2797 quo
809 2720 916 2777 tamen
935 2714 1005 2777 loco
1030 2714 1125 2777 lectio
1150 2720 1198 2777 est
1221 2714 1323 2794 varia3

190 2837 241 2899 ep.
259 2819 286 2896 1,
302 2819 341 2883 16
356 2819 394 2882 71
410 2819 473 2899 „da
488 2819 567 2881 mihi
583 2819 709 2899 fallere,
726 2819 767 2882 da
782 2820 865 2881 iusto
882 2826 1056 2901 sanctoque
1072 2814 1206 2896 videri“,
1230 2817 1325 2897 8812,

189 2922 219 3002 3,
252 2921 312 2985 189
340 2941 399 3002 ,88
433 2923 459 2984 81
490 2923 540 2986 cui
570 2943 634 2985 non
662 2923 774 2986 videor
803 2924 919 3003 iustus,
949 2921 1052 2984 inulto
1083 2920 1209 3002 dicere,
1241 2919 1325 3003 quod

190 3025 302 3103 sentit,
332 3023 520 3109 permitto“;
553 3026 602 3111 ep,
635 3027 670 3107 2,
700 3028 734 3107 3,
765 3028 827 3091 372
856 3025 1091 3108 „mediocribus
1116 3045 1186 3087 esse
1210 3025 1324 3107 poetis,

189 3149 254 3191 non
284 3128 317 3191 di
345 3127 561 3193 concessere“.
606 3131 642 3192 In
661 3131 882 3193 enuntiatione
901 3129 1037 3192 relativa
1060 3128 1186 3191 dativus
1202 3127 1325 3211 positus

190 3239 239 3294 est
263 3235 456 3297 attractione
481 3240 531 3297 sat
566 3236 599 3314 l,
631 3234 685 3314 10,
712 3236 751 3299 16
775 3233 845 3314 „illi
868 3234 988 3316 scripta
1022 3232 1136 3315 quibus
1160 3229 1326 3294 comoedia

190 3338 295 3421 prisca
316 3338 392 3401 viris
417 3335 497 3404 est“.
520 3371 563 3382 -
585 3337 730 3400 Abiativi
754 3323 901 3400 attractio
924 3357 987 3399 uno
1011 3335 1137 3398 videtur
1160 3356 1231 3398 esse
1255 3334 1324 3397 loco

191 3454 241 3504 sat
266 3444 293 3520 1,
318 3443 347 3523 6,
375 3442 413 3506 16
438 3442 574 3524 „iudicc,
599 3463 660 3525 quo
684 3441 769 3504 nosti
793 3438 946 3524 populo“.

276 3546 381 3620 Quam
397 3567 497 3630 prope
520 3567 621 3629 genus
642 3544 769 3608 dicendi
784 3565 968 3608 sermonum
984 3544 1117 3606 accedat
1141 3543 1182 3606 ad
1198 3542 1326 3605 Musam

189 3650 372 3734 pedestrem
402 3651 487 3714 clare
516 3655 670 3734 apparet,
704 3669 774 3711 cum
809 3649 995 3732 respicimus
1028 3668 1120 3710 usum
1155 3645 1326 3709 verborum

189 3751 360 3836 „inquam“
385 3760 417 3818 et
440 3752 524 3818 ai0·‘.
570 3754 653 3817 Nam
685 3751 770 3834 quod
803 3753 835 3814 in
866 3749 1060 3815 carminibus
1092 3751 1192 3813 semel
1226 3745 1271 3832 (2,
1296 3749 1325 3828 8,

192 3855 245 3942 13)
268 3864 327 3940 881,
351 3858 483 3921 verbum
507 3852 691 3940 „inquam“,
714 3856 745 3917 in
763 3856 964 3919 sermonibus
981 3855 1088 3917 tricies
1108 3855 1175 3917 fere
1192 3854 1325 3936 legitur,

189 3983 294 4047 neque
317 3963 436 4043 minus,
467 3962 551 4045 quod
575 3962 608 4024 in
633 3959 826 4023 carminibus
850 3960 1022 4039 omittitur,
1055 3957 1189 4021 verbum
1221 3954 1325 4039 „aio“.

189 4070 227 4134 In
251 4066 364 4153 epodis
387 4072 534 4130 neutrum
559 4070 618 4131 est.
