2956 4596
718 229 762 296 45

580 491 646 598 De
666 492 888 601 particulis,

255 644 392 709 Omnem
416 644 457 708 de
483 644 651 730 particulis
677 647 898 729 quaestionem
922 647 969 711 ita
989 648 1164 732 instituam,
1187 656 1222 714 ut
1242 651 1306 735 pri-

167 767 254 809 mum
270 745 432 831 disputem
448 749 488 812 de
505 748 676 830 adverbiis,
693 755 761 812 tum
785 750 824 813 de
846 751 1150 835 praepositionibus,
1167 754 1306 838 denique

168 849 208 913 de
232 851 518 917 coniunctionibus.

254 953 297 1018 ut
320 955 360 1018 de
383 956 441 1019 illo
466 959 612 1040 primum,
637 958 723 1041 quod
747 958 972 1022 adverbiorum
995 979 1055 1021 usu
1077 958 1113 1021 fit
1135 960 1220 1023 inter
1239 980 1307 1024 ear-

166 1058 254 1122 mina
276 1079 504 1143 sermonesque
524 1060 707 1125 discrimine
732 1061 912 1142 dicendum,
935 1062 967 1124 in
990 1064 1189 1127 sermonibus
1204 1065 1306 1128 multo

170 1161 316 1227 latiorem
347 1185 418 1227 esse
447 1164 671 1228 adverbiorum
706 1187 809 1229 usum.
854 1166 1014 1229 Maximus
1042 1166 1125 1229 enim
1159 1187 1241 1250 quae
1272 1170 1304 1231 in

168 1266 245 1329 solis
269 1269 470 1345 sermonibus
493 1270 654 1352 leguntur,
674 1270 906 1351 ,adverbiorum
930 1274 979 1330 est
1001 1290 1163 1351 numerus,
1186 1271 1218 1334 in
1243 1291 1306 1355 quo

168 1369 331 1434 habenda:
359 1373 517 1454 ,abunda
541 1373 706 1453 contiuuo,
730 1372 816 1452 dein,
840 1371 967 1453 deinde,
992 1371 1154 1456 deinceps,
1179 1373 1305 1456 dehine,

168 1473 317 1558 denique,
339 1475 443 1557 forsit,
466 1477 624 1556 fortassis,
648 1477 795 1557 fortasse,
818 1475 904 1557 inde,
927 1476 1062 1558 interea,
1089 1477 1176 1559 item,
1199 1498 1316 1562 porro,

168 1581 371 1660 pracsertim,
402 1601 499 1661 sane,
527 1581 710 1662 singultim,
740 1582 967 1661 sinistrorsum,
1000 1579 1214 1662 dextrorsum,
1239 1588 1307 1645 tan·

169 1683 295 1764 quam“.
342 1684 414 1757 Qua
437 1685 678 1747 enumeratione
703 1683 850 1764 efficitur,
879 1683 938 1746 illa
961 1684 1127 1766 imprimis,
1151 1686 1306 1748 erationis

169 1805 251 1867 quae
275 1793 349 1849 sunt
377 1786 550 1870 pedestris,
582 1787 736 1851 adverbia
759 1788 791 1850 in
816 1785 1011 1849 carminibus
1034 1787 1148 1854 omitti.
1192 1789 1306 1871 Neque

168 1890 199 1950 in
224 1891 424 1954 sermonibus
458 1912 534 1954 usus
566 1912 696 1974 prorsus
726 1890 812 1953 idem
844 1900 907 1972 est;
937 1911 1011 1954 nam
1045 1911 1149 1974 neque
1180 1891 1306 1970 desunt,

168 2014 251 2077 quae
275 1995 405 2078 saepius
428 1994 459 2056 in
484 1995 590 2057 satiris
613 1995 775 2075 leguntur,
800 2013 896 2077 quam
915 1994 951 2056 in
976 1994 1122 2078 epistolis
1142 1994 1306 2077 adverbia,
1372 1997 1375 2000 ’

168 2102 203 2159 ut
238 2096 385 2179 ,dehine,
419 2096 551 2178 deinde,
586 2096 676 2179 dein,
705 2096 873 2179 deinceps,
901 2098 1039 2179 interea,
1062 2097 1171 2180 inde“,
1201 2120 1306 2183 neque

169 2221 251 2283 quae
274 2202 306 2264 in
331 2203 408 2265 solis
431 2202 538 2266 satiris
555 2202 758 2285 reperiuntur
779 2207 815 2264 ut
834 2201 1013 2282 ,continua
1030 2202 1132 2283 forsit,
1149 2202 1306 2285 fortassis,

168 2303 345 2384 singultim,
370 2304 609 2386 dextrorsum“;
634 2325 826 2388 quamquam
851 2304 1009 2388 quaedam
1033 2299 1176 2388 (,porro,
1192 2305 1306 2385 sane“)

167 2408 198 2470 in
216 2409 371 2492 epistolis
398 2410 527 2493 saepius
555 2413 760 2490 usurpantur.
805 2407 850 2471 Et
878 2409 975 2493 epodi
1005 2428 1135 2492 prorsus
1165 2409 1306 2473 medium

168 2518 278 2576 tenere
301 2512 451 2576 videntur
474 2513 558 2576 inter
580 2512 722 2575 carmina
738 2503 964 2595 sermonesque
989 2510 1215 2576 adverbiorum
1231 2535 1306 2597 usu,

168 2636 242 2677 narn
272 2637 336 2679 nen
365 2618 484 2696 solum,
513 2635 595 2700 quae
626 2616 802 2680 carminum
831 2621 919 2697 sunt,
950 2635 1100 2698 magnam
1127 2617 1306 2700 reperimus

169 2724 292 2801 partem
324 2718 492 2800 adverbia,
520 2719 577 2782 sed
605 2720 702 2783 etiam
727 2740 819 2803 quae,
850 2720 883 2782 in
907 2718 1100 2783 carminibus
1123 2720 1250 2801 omissa,
1274 2721 1307 2783 in

168 2821 369 2885 sermonibus
393 2823 543 2904 leguntur
571 2828 608 2886 ut
637 2822 773 2897 „dehine
798 2823 873 2906 (16,
905 2820 974 2905 65),
999 2824 1135 2886 fortasse
1160 2817 1228 2907 (13,
1258 2819 1306 2906 7),

101 2973 104 2978 .
169 2927 386 2989 sinistrorsum
411 2923 457 3008 (9,
480 2921 569 3010 2Ο)“.

255 3031 292 3092 In
317 3029 520 3093 sermonibus
544 3030 617 3110 illa,
641 3050 755 3113 prosae
784 3029 937 3093 orationis
962 3050 1044 3113 quae
1073 3035 1124 3092 est
1149 3029 1308 3113 reperitur

168 3133 363 3197 constructio
386 3133 616 3197 vocabulorum
643 3132 755 3215 ,hoe“,
784 3139 816 3196 et
848 3132 923 3212 ,eo“
955 3150 1028 3216 pro,
1049 3132 1175 3214 ,ideo“;
1211 3153 1306 3216 quam

168 3236 324 3300 habemus
347 3242 541 3301 structuram
564 3243 615 3300 sat
648 3239 680 3318 l,
709 3237 745 3317 6,
768 3237 810 3301 89
842 3236 905 3315 ,nil
929 3256 980 3298 me
1003 3235 1172 3318 poeniteat
1195 3257 1307 3300 sanum

168 3342 268 3424 patris
292 3341 386 3404 huius
410 3359 514 3426 eoque
537 3362 602 3404 non
626 3361 676 3404 me
701 3339 909 3422 defendam“;
933 3344 983 3402 sat
1013 3341 1040 3419 1,
1063 3339 1094 3419 3,
1117 3340 1172 3421 30,
1197 3339 1228 3421 9,
1251 3342 1305 3421 55,

168 3445 197 3525 2,
221 3446 251 3525 3,
278 3444 352 3525 1203
377 3444 407 3524 8,
431 3444 485 3526 65,
516 3466 565 3529 ep.
593 3445 620 3525 1,
646 3443 696 3523 14,
722 3445 774 3526 18,
803 3445 833 3525 2,
856 3444 886 3524 3,
906 3442 986 3532 4222,
1016 3440 1100 3505 idem
1125 3443 1192 3506 fere
1217 3443 1303 3526 quod

172 3544 302 3627 ,1001οα
329 3547 491 3610 ablativus
519 3544 615 3626 ,hoe“
642 3545 801 3629 signifieat
823 3551 874 3609 sat
899 3548 927 3628 1,
951 3547 980 3628 9,
1005 3548 1037 3628 8,
1061 3549 1091 3628 6,
1114 3548 1166 3612 87.

253 3652 437 3733 Argenteae
470 3651 595 3726 aetatisx
611 3650 803 3732 scriptorum
826 3655 895 3728 est,
925 3649 1086 3713 adverbiis
1114 3649 1306 3733 quibusdam

167 3755 214 3818 uti
238 3755 308 3817 loeo
331 3753 616 3839 praepositionum.
646 3753 748 3828 Quem
772 3753 902 3837 quidem
919 3755 1015 3817 ctiam
1032 3753 1119 3836 apud
1134 3753 1306 3817 Horatium

167 3859 344 3943 reperimus
367 3879 472 3936 usum,
504 3856 562 3919 sed
596 3864 733 3941 excepto
761 3879 824 3920 uuo
854 3859 1030 3921 carminum
1057 3857 1142 3940 1000,
1172 3859 1205 3920 iu
1228 3859 1306 3922 solis

168 3962 368 4026 sermonibus
394 3959 580 4045 epodisque.
620 3961 702 4024 Sunt
726 3967 834 4023 autem
857 3961 925 4042 illa,
949 3961 1065 4044 quibus
1088 3982 1146 4045 pro
1162 3980 1307 4046 praepo-

167 4066 337 4129 sitionibus
353 4065 464 4145 utitur,
480 4064 635 4128 adverbia
647 4063 741 4127 haee:
762 4065 884 4145 ,simul,
900 4064 1019 4147 palam,
1035 4064 1156 4148 procul,
1172 4062 1305 4149 usque“.

166 4168 210 4233 Et
234 4169 349 4253 quibus
372 4169 525 4252 leguntur
549 4167 613 4231 loci
636 4172 724 4231 suut:
753 4174 803 4232 001
828 4169 855 4248 l,
881 4167 931 4250 10,
954 4167 995 4232 86
1022 4187 1108 4251 ,vos,
1131 4168 1249 4233 Bibule
1272 4175 1306 4236 et
